[gd_scene load_steps=7 format=2]

[ext_resource path="res://Scripts/LevelSelection.cs" type="Script" id=1]
[ext_resource path="res://default_theme.tres" type="Theme" id=2]
[ext_resource path="res://Fonts/Lato/Lato-Black.ttf" type="DynamicFontData" id=3]
[ext_resource path="res://Prefabs/LevelContainer.tscn" type="PackedScene" id=4]

[sub_resource type="DynamicFont" id=1]
size = 45
font_data = ExtResource( 3 )

[sub_resource type="Theme" id=2]
Label/fonts/font = SubResource( 1 )

[node name="Control" type="Control"]
anchor_right = 1.0
anchor_bottom = 1.0
size_flags_horizontal = 3
size_flags_vertical = 3
theme = ExtResource( 2 )
script = ExtResource( 1 )
__meta__ = {
"_edit_use_anchors_": true
}

[node name="Camera2D" type="Camera2D" parent="."]
anchor_mode = 0
current = true

[node name="PanelContainer" type="PanelContainer" parent="."]
anchor_right = 1.0
anchor_bottom = 1.0
size_flags_horizontal = 3
size_flags_vertical = 3

[node name="MarginContainer" type="MarginContainer" parent="PanelContainer"]
margin_right = 576.0
margin_bottom = 1024.0
custom_constants/margin_right = 50
custom_constants/margin_top = 50
custom_constants/margin_left = 50
custom_constants/margin_bottom = 50

[node name="VBoxContainer" type="VBoxContainer" parent="PanelContainer/MarginContainer"]
margin_left = 50.0
margin_top = 50.0
margin_right = 526.0
margin_bottom = 974.0
size_flags_horizontal = 3
size_flags_vertical = 3
custom_constants/separation = 20

[node name="TitleMargin" type="MarginContainer" parent="PanelContainer/MarginContainer/VBoxContainer"]
margin_right = 476.0
margin_bottom = 105.0
size_flags_horizontal = 3
custom_constants/margin_top = 25
custom_constants/margin_bottom = 25

[node name="Title" type="Label" parent="PanelContainer/MarginContainer/VBoxContainer/TitleMargin"]
margin_top = 25.0
margin_right = 476.0
margin_bottom = 80.0
size_flags_horizontal = 3
size_flags_vertical = 3
theme = SubResource( 2 )
text = "Levels"
align = 1

[node name="Title4" type="Label" parent="PanelContainer/MarginContainer/VBoxContainer"]
margin_top = 125.0
margin_right = 476.0
margin_bottom = 175.0
rect_min_size = Vector2( 0, 50 )
text = "Select a Level or return to Main Menu."
align = 1
valign = 1
autowrap = true

[node name="ScrollContainer" type="ScrollContainer" parent="PanelContainer/MarginContainer/VBoxContainer"]
margin_top = 195.0
margin_right = 476.0
margin_bottom = 829.0
size_flags_horizontal = 3
size_flags_vertical = 3

[node name="LevelContainer" parent="PanelContainer/MarginContainer/VBoxContainer/ScrollContainer" instance=ExtResource( 4 )]
anchor_right = 0.0
anchor_bottom = 0.0
margin_right = 476.0
margin_bottom = 634.0

[node name="Buttons" type="HBoxContainer" parent="PanelContainer/MarginContainer/VBoxContainer"]
margin_top = 849.0
margin_right = 476.0
margin_bottom = 924.0
rect_min_size = Vector2( 0, 75 )
size_flags_horizontal = 3
size_flags_vertical = 8
custom_constants/separation = 25

[node name="StartButton" type="Button" parent="PanelContainer/MarginContainer/VBoxContainer/Buttons"]
margin_right = 476.0
margin_bottom = 75.0
size_flags_horizontal = 3
size_flags_vertical = 3
text = "Back"

[connection signal="pressed" from="PanelContainer/MarginContainer/VBoxContainer/Buttons/StartButton" to="." method="OnBackButtonPressed"]
